2675 4809
113 324 116 363 ²
268 350 404 413 xix*
534 306 1069 436 “aritstoxus1¹tf·¹

337 526 468 621 primus,
477 514 748 608 membranaceus,
762 536 797 599 iu
810 526 1013 617 bibon'adeo
1022 538 1182 620 mtiquus,
1194 533 1247 601 Μ.
1261 530 1300 599 D.

111 718 115 733 1
158 706 161 711 ,
270 638 417 721 Orneifib
439 642 528 704 cuius
543 642 622 702 olim
637 638 709 711 suit,
726 640 858 714 iudl'rio,
873 640 1024 702 infreme
1038 640 1113 700 libri
1132 638 1300 721 adscripto.

269 720 324 803 Est
338 744 365 811 is
380 730 556 803 minutiore
571 742 748 815 litterarum
764 743 954 811 charactere,
980 739 1031 801 led
1054 742 1259 824 negligenter
1271 754 1302 801 et

163 839 176 925 'y
217 870 220 883 ·
237 914 241 931 ¹
268 840 385 904 vitiose
400 844 576 905 admodum
590 863 607 905 a
623 840 720 905 scriba
734 844 1134 906 valdeindeotoexaratus.
1149 843 1301 902 Attamen

268 964 287 1003 e
300 940 392 1009 bono¹
405 958 438 1003 et
449 964 536 1005 nunc
551 945 665 1027 ignoto
681 947 815 1025 antiquo
834 945 945 1007 codice·
958 943 1130 1025 exscriptus
1153 944 1304 1018 nidorum=

100 1044 102 1052 '
199 1123 201 1129 Ι
263 1042 365 1115 habet
384 1046 473 1105 enirn
494 1046 647 1107 lectiones
669 1048 784 1107 multas
805 1048 947 1130 egregias
968 1060 1002 1107 et
1016 1028 1297 1129 elegantesi'qnae

267 1147 321 1207 vel
342 1156 413 1207 raro
433 1132 489 1206 vel
508 1164 666 1225 nusquam
688 1143 994 1231 aliasreperiantur,
1021 1166 1081 1207 nec
1094 1145 1245 1227 profecto
1261 1165 1297 1207 ex

265 1246 401 1331 ingenio
417 1244 532 1328 stupidi
543 1244 703 1307 fraterculi
719 1229 877 1310 uenerint.
895 1248 1055 1311 Continet-
1066 1249 1170 1309 codex
1185 1248 1293 1308 omnir

266 1346 414 1430 Horatii,
449 1347 501 1410 sed
524 1366 597 1409 cum
616 1368 731 1433 magna
747 1344 874 1419 lacuna,
908 1351 1049 1411 aSerm.
1074 1351 1099 1410 1.
1122 1361 1156 1426 5³
1179 1361 1228 1426 57
1249 1382 1293 1397 -

267 1652 462 1713 Lectionum
476 1655 545 1715 eius
565 1651 723 1733 specimen
741 1655 832 1713 dedit
851 1654 910 1715 (ils.
933 1654 1070 1734 Tbeopb.
1093 1652 1132 1714 de
1145 1653 1248 1715 Maur
1264 1656 1293 1714 in

221 1772 224 1795 ¹
268 1752 475 1817 Memorabil.
490 1754 648 1817 Biblioth.
669 1745 876 1844 Norirriberg.
892 1756 929 1819 P.
948 1756 1009 1818 111.
1024 1759 1063 1838 p.'
1075 1768 1121 1829 77
1136 1752 1202 1837 sqq.

188 1946 191 1954 ·
245 1890 247 1895 ,
345 1896 642 1997 CodexJecuudus,
670 1904 867 1979 chartaceus,
890 1905 1127 1978 involumine,
1162 1909 1289 1989 quodet

266 2009 434 2073 Ciceronis
447 2010 489 2078 de
504 2006 617 2070 officiis
633 2009 749 2091 libros,
778 2012 858 2072 item
873 2010 1041 2071 Claudiani
1056 2010 1096 2069 de
1112 2024 1207 2091 raptu
1221 2010 1289 2071 Pro·

267 2108 410 2191 serpinae
433 2129 578 2179 carmen,
602 2100 729 2172 carmen
750 2097 790 2172 de
817 2110 962 2172 litteras
984 2109 1088 2193 (quoti
1105 2111 1179 2173 alias
1198 2114 1289 2196 Virgi-

265 2208 311 2273 lio
334 2210 430 2270 tribui
454 2208 558 2294 solet),
587 2212 717 2295 ¹Virgilii
734 2227 914 2281 moretum,
939 2225 972 2273 et
991 2228 1114 2294 partem
1135 2209 1289 2275 batrachu-

265 2308 488 2390 myomachiae
504 2312 648 2381 Homeri,
670 2316 773 2374 CLIV
788 2313 894 2374 latinis
909 2313 1102 2375 hexametris
1115 2314 1283 2396 expressae,

266 2414 424 2475 continet.
473 2414 552 2475 Satis
567 2413 731 2497 eleganter*
743 2397 875 2495 scriptus
889 2412 932 2476 etl
944 2412 1070 2476 Horatii
1088 2415 1201 2490 codex,
1215 2418 1284 2477 mul-

264 2515 370 2595 tisque
384 2516 698 2596 interpunctionibus
713 2514 887 2578 distinctus.
940 2514 1106 2599 Magnam
1120 2518 1177 2579 illo
1199 2520 1293 2579 etianr·

264 2614 385 2687 librarii
400 2618 580 2705 ignorantia
592 2601 760 2699 proditur,¹
773 2618 807 2677 in
824 2605 951 2679 Graecia
965 2612 1173 2699 praesertim(
1189 2619 1286 2704 Veluti

263 2721 324 2781 arti
349 2719 492 2803 poeticae
511 2714 703 2799 subscripsit:
736 2714 842 2794 Τελος
865 2716 1002 2805 φήνῃς.ὶ
1030 2720 1079 2781 To
1102 2722 1161 2784 Sao
1185 2712 1284 2809 χαρὶς.

177 2852 179 2859 ¹
264 2820 323 2883 Ars
353 2821 477 2901 poetica
505 2821 588 2901 inter
619 2823 789 2883 Sermones
820 2835 853 2882 et
881 2811 1039 2902 Epistulas
1066 2822 1219 2884 collocata
1241 2823 1285 2884 es.

265 2922 423 3007 Quamvis
437 2922 597 2983 recentior
610 2921 662 2982 hic
675 2944 802 3004 quoquo
817 2920 919 2983 codex
936 2920 1023 2982 haud
1037 2922 1135 2984 dubie
1148 2924 1196 2995 srt,
1211 2922 1285 2986 forte

263 3042 282 3084 e
307 3024 438 3085 Saeculo
461 3022 535 3083 XlV
552 3016 703 3095 exeunte,
737 3040 845 3112 tanren
866 3023 955 3083 idem
986 3022 1028 3083 ob
1050 3022 1207 3087 lectiones
1226 3047 1285 3086 non

122 3164 126 3175 ·
234 3172 237 3179 .
263 3120 368 3186 solum
390 3116 490 3185 bonas
511 3125 713 3207 plerumque,
747 3123 800 3186 sed
820 3138 853 3186 et
882 3116 1024 3205 proprias
1045 3125 1102 3207 ipsa
1131 3129 1285 3206 quasdam,

263 3246 379 3307 easque
394 3227 552 3310 elegantes
567 3241 601 3289 et
614 3223 855 3303 memorabiles,
870 3221 905 3285 ‘e
924 3224 1010 3285 bono
1026 3228 1061 3286 et
1071 3226 1285 3299 vetustolibro

263 3326 437 3409 descriptus
452 3342 485 3389 et
500 3327 688 3389 emendatus
708 3326 848 3388 videtur.
888 3324 973 3385 Nam
987 3330 1232 3413 emendatorem
1245 3352 1288 3391 ce·

261 3441 371 3491 terum
383 3428 553 3515 indoctum
568 3419 743 3490 hominem
752 3422 841 3488 fuisse
855 3441 1001 3516 apparet.
1022 3455 1024 3458 ·
1057 3424 1132 3490 Vid.
1151 3451 1185 3491 v.
1204 3453 1232 3493 c.
1254 3430 1287 3491 ad

261 3531 290 3593 1.
321 3542 375 3607 ¹5·
403 3542 467 3611 552
491 3546 550 3593 ar.
575 3541 633 3608 1ιε.
650 3530 695 3591 11.
714 3544 772 3593 aa.
793 3540 827 3608 8.
848 3540 882 3591 et
897 3523 962 3593 sr.'
1001 3524 1053 3593 Cf.
1069 3528 1222 3594 delibor
1233 3534 1287 3595 lib.

230 3628 343 3699 saud.
359 3644 480 3714 prag
499 3627 541 3713 sq.
650 3634 654 3639 '
1278 3643 1281 3650 ⁴

231 3764 236 3777 ’
337 3780 449 3846 Codex
472 3779 751 3865 Froneqncranur,
785 3783 820 3845 in
841 3782 1039 3849 bibliotheca
1057 3784 1238 3851 academica
1252 3786 1290 3850 as·

257 3882 416 3956 serratus,
444 3886 643 3965 venerandae
665 3886 880 3969 antiquitatis,
925 3891 1015 3950 cuius
1045 3903 1079 3951 et
1103 3890 1289 3979 Bentleiunr

257 3984 412 4047 lectiones
426 3982 566 4047 babuisse
575 3984 743 4060 uictimas,
767 3988 819 4049 sed
833 3988 1034 4071 paucissimas
1043 4003 1075 4050 et
1089 3992 1290 4077 negligenter

256 4099 428 4171 excerptas.
479 4088 568 4151 Tum
585 4106 713 4174 quoque
735 4090 846 4153 Lamb.
873 4091 939 4155 Bos
959 4094 995 4154 in
1012 4090 1236 4157 subnadxerll.
1255 4096 1289 4156 ad

1225 4196 1289 4260 Ho-

139 1490 142 1503 ·
190 1485 194 1494 r
265 1450 311 1513 il.
333 1470 362 1511 1.
378 1460 438 1529 49.
491 1452 550 1512 A‘re
566 1451 690 1530 postica
706 1447 844 1531 seqnitur
867 1450 969 1511 statim
983 1441 1292 1513 carmen-saeculare.
1328 1495 1329 1512 ;

106 1550 108 1563 ⁴
159 1612 167 1633 ,
210 1613 212 1620 ,
259 1550 408 1627 initiales
430 1553 608 1613 carminum
629 1552 736 1612 multo
756 1553 825 1612 auri
844 1552 975 1637 levigati
992 1554 1098 1637 nitore
1119 1550 1293 1633 splendent.

1318 4383 1321 4452 ι

1317 4497 1319 4618 i
